@article{bib:Aad20121,
  author = "G. Aad and others",
  collaboration = "ATLAS",
  title = "{Observation of a new particle in the search for the Standard Model Higgs boson with the {ATLAS} detector at the LHC}",
  journal = "Phys. Lett. B",
  volume = "716",
  pages = "1",
  year = "2012",
  issn = "0370-2693",
  doi = "10.1016/j.physletb.2012.08.020",
        eprint         = "1207.7214",
      archivePrefix  = "arXiv",
}
% CMS short paper
@article{bib:Chatrchyan201230,
  AUTHOR      = "Chatrchyan, Serguei and others",
  collaboration = "CMS",
  title = "{Observation of a new boson at a mass of 125 GeV with the CMS experiment at the LHC}",
  journal = "Phys. Lett. B",
  volume = "716",
  pages = "30",
  year = "2012",
  issn = "0370-2693",
  doi = "10.1016/j.physletb.2012.08.021",
        eprint         = "1207.7235",
      archivePrefix  = "arXiv",
  keywords = "CMS",
  keywords = "Physics",
  keywords = "Higgs "
}

%CMS long paper
@article{bib:Chatrchyan2013lba,
      author         = "Chatrchyan, Serguei and others",
      title          = "{Observation of a new boson with mass near 125 GeV in pp
                        collisions at $\sqrt{s}$ = 7 and 8 TeV}",
      collaboration  = "CMS",
      journal        = "JHEP",
      volume         = "06",
      pages          = "081",
      doi            = "10.1007/JHEP06(2013)081",
      year           = "2013",
      eprint         = "1303.4571",
      archivePrefix  = "arXiv",
      primaryClass   = "hep-ex",
      reportNumber   = "CMS-HIG-12-036, CERN-PH-EP-2013-035",
      SLACcitation   = "%%CITATION = ARXIV:1303.4571;%%",
}



@article{Khachatryan:2014jba,
      author         = "Khachatryan, Vardan and others",
      title          = "{Precise determination of the mass of the Higgs boson and
                        tests of compatibility of its couplings with the standard
                        model predictions using proton collisions at 7 and 8 TeV}",
      collaboration  = "CMS",
      journal        = "Eur. Phys. J. C",
      year           = {2015},
      issn           = {1434-6044},
      pages          = {212},
      volume         = {75},
      doi            = {10.1140/epjc/s10052-015-3351-7},
      eprint         = "1412.8662",
      archivePrefix  = "arXiv",
      primaryClass   = "hep-ex",
      reportNumber   = "CMS-HIG-14-009, CERN-PH-EP-2014-288",
%      SLACcitation   = "%%CITATION = ARXIV:1412.8662;%%",
}

@article{Aad:2014aba,
      author         = "Aad, Georges and others",
      title          = "{Measurement of the Higgs boson mass from the
                        $H\rightarrow{}\gamma{}\gamma{}$ and
                        $H\rightarrow{}Z{Z}^{*}\rightarrow{}4\ell{}$ channels in $pp$ collisions
                        at center-of-mass energies of 7 and 8~TeV with the ATLAS detector}",
      collaboration  = "{ATLAS}",
      journal        = "Phys. Rev. D",
      volume         = "90",
      pages          = "052004",
      doi            = "10.1103/PhysRevD.90.052004",
      year           = "2014",
      eprint         = "1406.3827",
      archivePrefix  = "arXiv",
      primaryClass   = "hep-ex",
      reportNumber   = "CERN-PH-EP-2014-122",
      SLACcitation   = "%%CITATION = ARXIV:1406.3827;%%",
}

@article{Aad:2013xqa,
      author         = "Aad, Georges and others",
      title          = "{Evidence for the spin-0 nature of the Higgs boson using ATLAS data}",
      collaboration  = "ATLAS",
      journal        = "Phys. Lett. B",
      volume         = "726",
      pages          = "120",
      doi            = "10.1016/j.physletb.2013.08.026",
      year           = "2013",
      eprint         = "1307.1432",
      archivePrefix  = "arXiv",
      primaryClass   = "hep-ex",
      reportNumber   = "CERN-PH-EP-2013-102",
      SLACcitation   = "%%CITATION = ARXIV:1307.1432;%%",
}

@unpublished{Aad:2015zhl,
      author         = "{CMS and ATLAS Collaborations}",
      title          = "{Combined Measurement of the Higgs Boson Mass in $pp$
                        Collisions at $\sqrt{s}=7$ and 8 TeV with the ATLAS and
                        CMS Experiments}",
      year           = "2015",
      note           = "Submitted to Phys. Rev. Lett.",
      eprint         = "1503.07589",
      archivePrefix  = "arXiv",
      primaryClass   = "hep-ex",
      reportNumber   = "ATLAS-HIGG-2014-14, CMS-HIG-14-042, CERN-PH-EP-2015-075",
      SLACcitation   = "%%CITATION = ARXIV:1503.07589;%%",
}




%
%
%    Many commonly cited papers are available under svn+ssh://svn.cern.ch/reps/tdr/utils/branches/dev/general/gen.bib and utils/trunk/higgs.bin.

%
% Notes hosted only on CDS are listed as TECHREPORTs.
%

@TECHREPORT{CMS_AN_2006-027,
     AUTHOR       = "Belotelov, I. and Golutvin, I. and Bourilkov, D. and Lanyov, A. and Rogalev, E. and Savina, M. and Shmatov, S.",
     TITLE        = "Search for {ADD} extra dimensional gravity in di-muon channel with the {CMS} Detector",
     TYPE      = "CMS Note",
     NUMBER       = "2006/076",
     URL          = "http://cdsweb.cern.ch/record/962045",
     YEAR         = "2006"}

@TECHREPORT{CMS_NOTE_2006-106,
     AUTHOR       = "Aldaya, M. and Arce, P. and Caballero, J. and de la Cruz, B. and Garcia-Abia, P. and Hernandez, J. M. and Josa, M. I. and Ruiz, E.",
     TITLE        = "Discovery potential and search strategy for the Standard Model {H}iggs boson in the {$H\to ZZ^\star\to 4\mu$} decay channel using a mass-independent analysis",
     TYPE      = "CMS Note",
     NUMBER       = "2006/106",
     URL          = "http://cdsweb.cern.ch/record/962058",
     YEAR         = "2006"}
%
% standard article
%
@Article{Brandt:1997gi,
     author    = "Brandt, A. and others",
 collaboration = "UA8",
     title     = "Measurements of single diffraction at $\sqrt{s} =$ 630 {GeV}:
                  Evidence for  a non-linear $\alpha(t)$ of the pomeron",
     journal   = "Nucl. Phys. B",
     volume    = "514",
     year      = "1998",
     pages     = "3",
     SLACcitation  = "%%CITATION = HEP-EX 9710004;%%",
     doi       = "10.1016/S0550-3213(97)00813-4"
}
@ARTICLE{Buchmuller:1986zs,
     AUTHOR       = "Buchm{\"u}ller, W. and Wyler, D.",
     TITLE        = "Constraints on {SU(5)}-type leptoquarks",
     JOURNAL      = "Phys. Lett. B",
     VOLUME       = "177",
     YEAR         = "1986",
     pages        = "377",
     SLACcitation  = "%%CITATION = PHLTA,B191,442;%%",
     doi          = "10.1016/0370-2693(86)90771-9"}
@Article{PTDR2,
     author    = "{CMS Collaboration}",
     title     = "{CMS} technical design report, volume {II}: {Physics}
                  performance",
     journal   = "J. Phys. G",
     volume    = "34",
     year      = "2007",
     pages     = "995",
     doi       = "10.1088/0954-3899/34/6/S01",
     SLACcitation  = "%%CITATION = JPHGB,G34,995;%%"
}
% PAS are now TECHREPORTS. Same for Notes. A formatted list of PASs is located in [svn]/utils/branches/dev/general/pasBib-tech.bib
@TECHREPORT{CMS-PAS-JME-10-003,
      AUTHOR      = "{CMS Collaboration}",
      COLLABORATION = {CMS},
      TITLE       = "Jet Performance in pp Collisions at $\sqrt{s}$=7 {TeV}",
      URL         = "http://cdsweb.cern.ch/record/1279362",
      TYPE     = "CMS Physics Analysis Summary",
      NUMBER      = "CMS-PAS-JME-10-003",
      YEAR        = "2010"
}

@techreport{CMS-PAS-JME-16-004,
      title         = "{Performance of missing energy reconstruction in 13 TeV pp collision data using the CMS detector}",
      institution   = "CERN",
      collaboration = "CMS Collaboration",
      address       = "Geneva",
      number        = "CMS-PAS-JME-16-004",
      year          = "2016",
      reportNumber  = "CMS-PAS-JME-16-004",
      url           = "http://cds.cern.ch/record/2205284",
}

%First alpha-ratio PAS
@techreport{CMS-PAS-HIG-12-003,
      title         = "{Search for the Standard Model Higgs boson in the H to WW to $\ell \nu jj$ decay channel}",
      institution   = "CERN",
      collaboration = "CMS Collaboration",
      address       = "Geneva",
      number        = "CMS-PAS-HIG-12-003",
      year          = "2012",
      reportNumber  = "CMS-PAS-HIG-12-003",
      url           = "http://cds.cern.ch/record/1449158",
}
% Composite Higgs

@Article{Contino2011,
  author="Contino, Roberto
  and Pappadopulo, Duccio
  and Marzocca, David
  and Rattazzi, Riccardo",
  title="On the effect of resonances in composite Higgs phenomenology",
  journal="Journal of High Energy Physics",
  year="2011",
  volume="2011",
  number="10",
  pages="1--50",
  issn="1029-8479",
  doi="10.1007/JHEP10(2011)081",
  url="http://dx.doi.org/10.1007/JHEP10(2011)081"
}

@Article{Marzocca2012,
  author="Marzocca, David
  and Serone, Marco
  and Shu, Jing",
  title="General composite Higgs models",
  journal="Journal of High Energy Physics",
  year="2012",
  volume="2012",
  number="8",
  pages="1--52",
  issn="1029-8479",
  doi="10.1007/JHEP08(2012)013",
  url="http://dx.doi.org/10.1007/JHEP08(2012)013"
}

@article{Bellazzini:2014yua,
      author         = "Bellazzini, Brando and Cs√°ki, Csaba and Serra, Javi",
      title          = "{Composite Higgses}",
      journal        = "Eur. Phys. J.",
      volume         = "C74",
      year           = "2014",
      number         = "5",
      pages          = "2766",
      doi            = "10.1140/epjc/s10052-014-2766-x",
      eprint         = "1401.2457",
      archivePrefix  = "arXiv",
      primaryClass   = "hep-ph",
      SLACcitation   = "%%CITATION = ARXIV:1401.2457;%%"
}

@Article{Pappadopulo2014,
  author="Pappadopulo, Duccio
  and Thamm, Andrea
  and Torre, Riccardo
  and Wulzer, Andrea",
  title="Heavy vector triplets: bridging theory and data",
  journal="Journal of High Energy Physics",
  year="2014",
  volume="2014",
  number="9",
  pages="1--50",
  issn="1029-8479",
  doi="10.1007/JHEP09(2014)060",
  url="http://dx.doi.org/10.1007/JHEP09(2014)060"
}

@techreport{bib:CMS-PAS-B2G-17-001,
      title         = "{Search for massive resonances decaying into WW, WZ, ZZ,
                       qW and qZ in the dijet final state at $\sqrt{s} =
                       13~\mathrm{TeV}$}",
      institution   = "CERN",
      author        = "{CMS Collaboration}",
      address       = "Geneva",
      number        = "CMS-PAS-B2G-17-001",
      year          = "2017",
      reportNumber  = "CMS-PAS-B2G-17-001",
      url           = "http://cds.cern.ch/record/2256663",
}

@techreport{bib:CMS-PAS-B2G-17-002,
      title         = "{Search for heavy resonances decaying into a vector boson
                       and a Higgs boson in hadronic final states with 2016 data}",
      institution   = "CERN",
      author        = "{CMS Collaboration}",
      address       = "Geneva",
      number        = "CMS-PAS-B2G-17-002",
      year          = "2017",
      reportNumber  = "CMS-PAS-B2G-17-002",
      url           = "http://cds.cern.ch/record/2256742",
}

@techreport{bib:ATLAS-CONF-2017-018,
      title         = "{Search for Heavy Resonances Decaying to a W or Z Boson
                       and a Higgs Boson in the $q\bar{q}^{(\prime)}b\bar{b}$
                       Final State in $pp$ Collisions at $\sqrt{s}$ = 13 TeV with
                       the ATLAS Detector}",
      institution   = "CERN",
      author        = "{ATLAS Collaboration}",
      address       = "Geneva",
      number        = "ATLAS-CONF-2017-018",
      month         = "Apr",
      year          = "2017",
      reportNumber  = "ATLAS-CONF-2017-018",
      url           = "http://cds.cern.ch/record/2258132",
}

@techreport{CMS:2015nmz,
      title         = "{Search for massive resonances decaying into pairs of
                       boosted W and Z bosons at $\sqrt{s}$ = 13 TeV}",
      institution   = "CERN",
      author        = "{CMS Collaboration}",
      address       = "Geneva",
      number        = "CMS-PAS-EXO-15-002",
      year          = "2015",
      reportNumber  = "CMS-PAS-EXO-15-002",
      url           = "http://cds.cern.ch/record/2117062",
}

@article{CMS:2016dzw,
      author         = "CMS Collaboration",
      title          = "{Search for heavy resonances decaying into a vector boson
                        and a Higgs boson in the (ll, lnu, nunu) bb final state}",
      year           = "2016",
      reportNumber   = "CMS-PAS-B2G-16-003",
      SLACcitation   = "%%CITATION = CMS-PAS-B2G-16-003;%%"
}

@article{bib:MADGRAPH,
  author         = "{J. Alwall et al.}",
  title          = "The automated computation of tree-level and next-to-leading order differential cross sections, and their matching to parton shower simulations",
  journal        = "JHEP",
  volume         = "07",
  pages          = "079",
  year           = "2014",
  eprint         = "1405.0301",
  archivePrefix  = "arXiv",
  primaryClass   = "hep-ph",
  reportNumber   = "CERN-PH-TH/2014-06",
  SLACcitation   = "%%CITATION = ARXIV:1106.0522;%%",
}
@article{bib:PYTHIA,
  author="{Torbjorn Sjostrand and Stephen Mrenna and Peter Skands}",
  title="A Brief Introduction to PYTHIA 8.1",
  journal={Comput.Phys.Commun.},
  volume={178},
  pages={852-867},
  year={2008},
  eprint         = "0710.3820",
  archivePrefix  = "arXiv",
  primaryClass   = "hep-ph"
  reportNumber   = "CERN-LCGAPP-2007-04",
}
%CUETqui
@article{bib:CUETP8M1,
      author="{CMS Collaboration}",
      title="Event generator tunes obtained from underlying event and multiparton scattering measurements",
      journal        = "Eur. Phys. J.",
      volume         = "C",
      year           = "2016",
      number         = "76",
      pages          = "155",
      doi            = "10.1140/epjc/s10052-016-3988-x",
      eprint         = "1512.00815",
      archivePrefix  = "arXiv",
      primaryClass   = "hep-ex",
      reportNumber   = "CMS-GEN-14-001, CERN-PH-EP-2015-291",
      SLACcitation   = "%%CITATION = ARXIV:1601.06431;%%"
}
@article{bib:GEANT4,
  title = "Geant4‚Äîa simulation toolkit",
  journal = "Nuclear Instruments and Methods in Physics Research Section A: Accelerators, Spectrometers, Detectors and Associated Equipment",
  volume = "506",
  number = "3",
  pages = "250 - 303",
  year = "2003",
  note = "",
  issn = "0168-9002",
  doi = "10.1016/S0168-9002(03)01368-8",
  url = "http://www.sciencedirect.com/science/article/pii/S0168900203013688",
  author = "S. Agostinelli and J. Allison and K. Amako and J. Apostolakis and H. Araujo and P. Arce and M. Asai and D. Axen and S. Banerjee and G. Barrand and F. Behner and L. Bellagamba and J. Boudreau and L. Broglia and A. Brunengo and H. Burkhardt and S. Chauvie and J. Chuma and R. Chytracek and G. Cooperman and G. Cosmo and P. Degtyarenko and A. Dell'Acqua and G. Depaola and D. Dietrich and R. Enami and A. Feliciello and C. Ferguson and H. Fesefeldt and G. Folger and F. Foppiano and A. Forti and S. Garelli and S. Giani and R. Giannitrapani and D. Gibin and J.J. G√≥mez Cadenas and I. Gonz√°lez and G. Gracia Abril and G. Greeniaus and W. Greiner and V. Grichine and A. Grossheim and S. Guatelli and P. Gumplinger and R. Hamatsu and K. Hashimoto and H. Hasui and A. Heikkinen and A. Howard and V. Ivanchenko and A. Johnson and F.W. Jones and J. Kallenbach and N. Kanaya and M. Kawabata and Y. Kawabata and M. Kawaguti and S. Kelner and P. Kent and A. Kimura and T. Kodama and R. Kokoulin and M. Kossov and H. Kurashige and E. Lamanna and T. Lamp√©n and V. Lara and V. Lefebure and F. Lei and M. Liendl and W. Lockman and F. Longo and S. Magni and M. Maire and E. Medernach and K. Minamimoto and P. Mora de Freitas and Y. Morita and K. Murakami and M. Nagamatu and R. Nartallo and P. Nieminen and T. Nishimura and K. Ohtsubo and M. Okamura and S. O'Neale and Y. Oohata and K. Paech and J. Perl and A. Pfeiffer and M.G. Pia and F. Ranjard and A. Rybin and S. Sadilov and E. Di Salvo and G. Santin and T. Sasaki and N. Savvas and Y. Sawada and S. Scherer and S. Sei and V. Sirotenko and D. Smith and N. Starkov and H. Stoecker and J. Sulkimo and M. Takahata and S. Tanaka and E. Tcherniaev and E. Safai Tehrani and M. Tropeano and P. Truscott and H. Uno and L. Urban and P. Urban and M. Verderi and A. Walkden and W. Wander and H. Weber and J.P. Wellisch and T. Wenaus and D.C. Williams and D. Wright and T. Yamada and H. Yoshida and D. Zschiesche",
  keywords = "Simulation",
  keywords = "Particle interactions",
  keywords = "Geometrical modelling",
  keywords = "Software engineering",
  keywords = "Object-oriented technology",
  keywords = "Distributed software development"
}
@article{bib:FXFX,
      author="{Rikkert Frederix and Stefano Frixione}",
      title="Merging meets matching in MC@NLO",
      journal        = "JHEP",
      volume         = "12",
      year           = "2012",
      pages          = "061",
      doi            = "10.1007/JHEP12(2012)061",
      eprint         = "1209.6215",
      archivePrefix  = "arXiv",
      primaryClass   = "hep-ph",
      reportNumber   = "CERN-PH-TH/2012-247, ZU-TH 21/12",
      SLACcitation   = "%%CITATION = ARXIV:1601.06431;%%"
}
@article{bib:POWHEGst,
      author="{Emanuele Re}",
      title="Single-top Wt-channel production matched with parton showers using the POWHEG method",
      journal        = "Eur.Phys.J.",
      volume         = "C71",
      year           = "2011",
      pages          = "1547",
      doi            = "10.1140/epjc/s10052-011-1547-z",
      eprint         = "1009.2450",
      archivePrefix  = "arXiv",
      primaryClass   = "hep-ph",
      reportNumber   = "IPPP/10/74, DCPT/10/148",
      SLACcitation   = "%%CITATION = ARXIV:1601.06431;%%"
}
@article{bib:POWHEGtt,
      author="{John M. Campbell, R. Keith Ellis, Paolo Nason, Emanuele Re}",
      title="Top-pair production and decay at NLO matched with parton showers",
      journal        = "JHEP",
      volume         = "04",
      year           = "2015",
      pages          = "114",
      doi            = "10.1007/JHEP04(2015)114",
      eprint         = "1412.1828",
      archivePrefix  = "arXiv",
      primaryClass   = "hep-ph",
      reportNumber   = "FERMILAB-PUB-14-504-T, OUTP-14-17P",
      SLACcitation   = "%%CITATION = ARXIV:1601.06431;%%"
}
@article{bib:Campbell201010,
  title = " {MCFM} for the Tevatron and the {LHC} ",
  journal = "Nuclear Physics B - Proceedings Supplements ",
  volume = "205‚Äì206",
  number = "0",
  pages = "10 - 15",
  year = "2010",
  issn = "0920-5632",
  doi = "http://dx.doi.org/10.1016/j.nuclphysbps.2010.08.011",
  url = "http://www.sciencedirect.com/science/article/pii/S0920563210001945",
  author = "John M. Campbell and R.K. Ellis"
}
@article{bib:Gavin20112388,
  title = "{FEWZ} 2.0: A code for hadronic Z production at next-to-next-to-leading order ",
  journal = "Computer Physics Communications ",
  volume = "182",
  number = "11",
  pages = "2388 - 2403",
  year = "2011",
  note = "",
  issn = "0010-4655",
  doi = "http://dx.doi.org/10.1016/j.cpc.2011.06.008",
  url = "http://www.sciencedirect.com/science/article/pii/S0010465511002189",
  author = "Ryan Gavin and Ye Li and Frank Petriello and Seth Quackenbush",
  keywords = "Drell‚ÄìYan",
  keywords = "{NNLO} "
}

@inproceedings{Kallweit:2015fta,
      author         = "Kallweit, Stefan and Lindert, Jonas M. and Pozzorini,
                        Stefano and Sch√∂nherr, Marek and Maierh√∂fer, Philipp",
      title          = "{NLO QCD+EW automation and precise predictions for
                        V+multijet production}",
      booktitle      = "{Proceedings, 50th Recontres de Moriond, QCD and high
                        energy interactions}",
      url            = "http://inspirehep.net/record/1372103/files/arXiv:1505.05704.pdf",
      year           = "2015",
      pages          = "121-124",
      eprint         = "1505.05704",
      archivePrefix  = "arXiv",
      primaryClass   = "hep-ph",
      reportNumber   = "DCPT-15-56, IPPP-15-28, MITP-15-037, ZU-TH-12-15",
      SLACcitation   = "%%CITATION = ARXIV:1505.05704;%%"
}



%SPIRES had this one as R. Adolphi, et. al. Wrong. Now corrected in InspireHEP.
@Article{Chatrchyan:2008zzk,
     author    = "Chatrchyan, S. and others",
     collaboration = "CMS",
     title     = "The {CMS} experiment at the {CERN} {LHC}",
     journal   = "JINST",
     volume    = "3",
     year      = "2008",
     pages     = "S08004",
     doi       = "10.1088/1748-0221/3/08/S08004",
     SLACcitation  = "%%CITATION = JINST,3,S08004;%%"
}



% An evergreen:
@article{Beringer:1900zz,
      author         = "{Particle Data Group} and Beringer, J. and others",
      title          = "{Review of Particle Physics}",
      journal        = "Phys. Rev. D",
      volume         = "86",
      pages          = "010001",
      doi            = "10.1103/PhysRevD.86.010001",
      year           = "2012",
      SLACcitation   = "%%CITATION = PHRVA,D86,010001;%%",
}
%
% An example of a document which only appears on arXiv. This one could alternatively be cited as a TECHREPORT using any of the various laboratory report numbers when hosted on a lab server:
% reportNumber   = "CERN-PH-EP-2010-095, FERMILAB-TM-2480-PPD, LEPEWWG-2010-01, TEVEWWG-2010-01, ALEPH-2010-001-PHYSICS-2010-001, CDF-NOTE-10338, D0-NOTE-6130, DELPHI-DELPHI-2010-001-PHYS-952, L3-NOTE-2837, OPAL-PR432, SLAC-PUB-14301",
%
@UNPUBLISHED{LEPewkfits,
     author = "{ALEPH, CDF, D0, DELPHI, L3, OPAL, SLD Collaborations,
                                    the LEP Electroweak Working Group, the Tevatron Electroweak Working Group, and the SLD Electroweak and Heavy Flavour Groups}",
     title     = "Precision electroweak measurements and constraints on
the {Standard Model}",
     URL       = "http://lepewwg.web.cern.ch/LEPEWWG",
     eprint    = "1012.2367",
     archivePrefix = "arXiv",
     primaryClass  =  "hep-ex",
     year  = "2010",
     SLACcitation  = "%%CITATION = 1012.2367;%%"
}
%
% A document hosted on a laboratory server
%
@TECHREPORT{Bertram:2000br,
  author = " Bertram, I. and Landsberg, G. and Linnemann, J. and Partridge, R. and Paterno, M. and Prosper, H. B.",
  title =  "A Recipe for the construction of confidence limits",
  institution = "Fermilab",
  number     = "{TM-2104}",
  url = "http://lss.fnal.gov/archive/test-tm/2000/fermilab-tm-2104.pdf",
  year = "2000"
 }
 %
 % A document included in Proceedings. PRL may want the ADDRESS field as well.
 %
@INPROCEEDINGS{RooStats,
  AUTHOR       = "Moneta, L. and Belasco, K. and  Cranmer, K. S. and Lazzaro, A. and Piparo, D. and Schott, G. and Verkerke, W. and Wolf, M. ",
  TITLE        = "The {R}oo{S}tats {P}roject",
  BOOKTITLE = "13$^\text{th}$ International Workshop on Advanced Computing and Analysis Techniques in Physics Research (ACAT2010)",
  YEAR         = "2010",
  PUBLISHER = "SISSA",
  NOTE = "{PoS(ACAT2010)057}",
  URL          = "http://pos.sissa.it/archive/conferences/093/057/ACAT2010_057.pdf",
  eprint = "1009.1003",
  primaryClass = "physics.data-an"
}
%
% CMS/ATLAS papers submitted but not yet accepted; The SLACcitation is not required. This is only for illustration, these are now published.
% Upon acceptance the note is modified and the DOI included (if available).
%
@Unpublished{Khachatryan:2010mp,
     author    = "{CMS Collaboration}",
     collaboration = "CMS",
     title     = "Search for Pair Production of First-Generation Scalar Leptoquarks in pp Collisions at $\sqrt{s} = 7$ {TeV}",
     note  = "Submitted to \textit{Phys. Rev. Lett.}",
     eprint    = "1012.4031",
     archivePrefix = "arXiv",
     primaryClass  =  "hep-ex",
     year = "2010",
     SLACcitation  = "%%CITATION = 1012.4031;%%"
}
@Unpublished{CMS-PAPER-MUO-10-004,
     author    = "{CMS Collaboration}",
     collaboration = "CMS",
     title     = "Performance of CMS muon reconstruction in pp collision events at {$\sqrt{s} = 7$\TeV}",
     note  = "Submitted to \textit{J. Inst.}",
     eprint    = "1206.4071",
     archivePrefix = "arXiv",
     primaryClass  =  "physics.ins-det",
     year = "2012",
}
@Unpublished{ATLAS:2011aa,
        Archiveprefix = {arXiv},
        Author = {{ATLAS Collaboration}},
        Collaboration = {ATLAS},
        Eprint = {1112.2577},
        Note = {Submitted to \textit{Phys. Rev. Lett.}},
        Primaryclass = {hep-ex},
        Slaccitation = {%%CITATION = 1112.2577;%%},
        Title = {Search for the {H}iggs boson in the {$H\to$WW(*)$\to \ell^+ \nu \ell^- \bar{\nu}$} decay channel in pp collisions at $\sqrt{s}$ = 7 {TeV} with the {ATLAS} detector},
        Year = {2011}}
% Misc
@Article{Cacciari:2008gp,
     AUTHOR    = "Cacciari, Matteo and Salam, Gavin P. and Soyez, Gregory",
     TITLE     = "The anti-$k_t$ jet clustering algorithm",
     JOURNAL   = "JHEP",
     VOLUME    = "04",
     YEAR      = "2008",
     PAGES     = "063",
     doi       = "10.1088/1126-6708/2008/04/063",
     eprint         = "0802.1189",
     archivePrefix  = "arXiv",
     primaryClass   = "hep-ex",
}

@article{Cacciari:2011ma,
      author         = "Cacciari, Matteo and Salam, Gavin P. and Soyez, Gregory",
      title          = "{FastJet user manual}",
      journal        = "Eur. Phys. J. C",
      volume         = "72",
      pages          = "1896",
      doi            = "10.1140/epjc/s10052-012-1896-2",
      year           = "2012",
      eprint         = "1111.6097",
      archivePrefix  = "arXiv",
      primaryClass   = "hep-ph",
      reportNumber   = "CERN-PH-TH-2011-297",
      SLACcitation   = "%%CITATION = ARXIV:1111.6097;%%",
}

@article{Khachatryan:2016kdb,
      author         = "Khachatryan, Vardan and others",
      title          = "{Jet energy scale and resolution in the CMS experiment in
                           pp collisions at 8 TeV}",
      collaboration  = "CMS",
      journal        = "JINST",
      volume         = "12",
      year           = "2017",
      pages          = "P02014",
      doi            = "10.1088/1748-0221/12/02/P02014",
      eprint         = "1607.03663",
      archivePrefix  = "arXiv",
      primaryClass   = "hep-ex",
      reportNumber   = "CMS-JME-13-004, CERN-PH-EP-2015-305",
      SLACcitation   = "%%CITATION = ARXIV:1607.03663;%%"
}

@Article{Sjostrand:2006za,
      author         = "Sj{\"o}strand, Torbj{\"o}rn and Mrenna, Stephen and Skands, Peter",
      title          = "{PYTHIA} 6.4 physics and manual",
      journal        = "JHEP",
      volume         = "05",
      pages          = "026",
      doi            = "10.1088/1126-6708/2006/05/026",
      year           = "2006",
      eprint         = "hep-ph/0603175",
      archivePrefix  = "arXiv",
      primaryClass   = "hep-ph",
      reportNumber   = "FERMILAB-PUB-06-052-CD-T, LU-TP-06-13",
      SLACcitation   = "%%CITATION = HEP-PH/0603175;%%",
}
@INCOLLECTION{nu2,
    author        = "Giunti, C. and Laveder, M.",
    title         = "Neutrino mixing",
    booktitle     = "Developments in Quantum Physics",
    editor        = "Columbus, F. and Krasnoholovets, V.",
    publisher     = "Nova Science Publishers, Inc.",
    eprint        = "hep-ph/0310238",
    archivePrefix = "arXiv",
    primaryClass  = "hep-ph",
    year          = "2004",
    isbn          = "1-59454-003-9"
}

@article{bib:1748-0221-6-11-P11002,
  author={The CMS collaboration},
  title={Determination of jet energy calibration and transverse momentum resolution in CMS},
  journal={Journal of Instrumentation},
  volume={6},
  number={11},
  pages={P11002},
  url={http://stacks.iop.org/1748-0221/6/i=11/a=P11002},
  year={2011},
  abstract={Measurements of the jet energy calibration and transverse momentum resolution in CMS are presented, performed with a data sample collected in proton-proton collisions at a centre-of-mass energy of 7 TeV, corresponding to an integrated luminosity of 36 pb-1 . The transverse momentum balance in dijet and $\gamma$/Z+jets events is used to measure the jet energy response in the CMS detector, as well as the transverse momentum resolution. The results are presented for three different methods to reconstruct jets: a calorimeter-based approach, the ``Jet-Plus-Track'' approach, which improves the measurement of calorimeter jets by exploiting the associated tracks, and the ``Particle Flow'' approach, which attempts to reconstruct individually each particle in the event, prior to the jet clustering, based on information from all relevant subdetectors.}
}


@TECHREPORT{CMS_AN_2010-322,
      author       = " ",
      title        = "Modeling of $W\to\ell\nu$ $E\!\!\!/_T$ with Boson Recoil",
      type         = "{CMS} Note",
      number       = "2010/322",
      url          = "",
      year         = "",
}     
@techreport{CMS-PAS-EXO-12-055,
      title         = "{Search for New Physics in the V/jet + MET final state}",
      institution   = "CERN",
      collaboration = "CMS",
      address       = "Geneva",
      COLLABORATION = "CMS",
      TITLE        = "Search for dark matter and unparticles produced in association with a Z boson in pp collisions at sqrt(s) = 8 TeV",
      TYPE         = "CMS PAS",      
      NUMBER       = "EXO-12-055",
      year          = "2015",
      url           = "http://cds.cern.ch/record/2036044",
}

@article{Abercrombie:2015wmb,
      author         = "Abercrombie, Daniel and others",
      title          = "{Dark Matter Benchmark Models for Early LHC Run-2
                        Searches: Report of the ATLAS/CMS Dark Matter Forum}",
      year           = "2015",
      eprint         = "1507.00966",
      archivePrefix  = "arXiv",
      primaryClass   = "hep-ex",
      reportNumber   = "FERMILAB-PUB-15-282-CD",
      SLACcitation   = "%%CITATION = ARXIV:1507.00966;%%"
}
@TECHREPORT{CMS-AN-2015-072,
      author       = "CMS Collaboration",
      title        = "Search for New Physics in the Monojet Final State",
      type         = "{CMS} Note",
      number       = "2015/072",
      url          = "",
      year         = "2015",
}
@TECHREPORT{CMS-AN-2015-120,
      author       = "CMS Collaboration",
      title        = "Search for Dark Matter produced in association with top quark pairs",
      type         = "{CMS} Note",
      number       = "2015/120",
      url          = "",
      year         = "2015",
}
@article{EGammaPOG_ele,
      collaboration = "CMS",
      title         = "{EGamma POG - Cut based electron ID for Run2 - https://twiki.cern.ch/twiki/bin/view/CMS/CutBasedElectronIdentificationRun2}",
      url           = "https://twiki.cern.ch/twiki/bin/view/CMS/CutBasedElectronIdentificationRun2",
}
@article{EGammaPOG_ele_SF,
      collaboration = "CMS",
      title         = "{EGamma POG - Electron ID recipes for Run2 - https://twiki.cern.ch/twiki/bin/view/CMS/EgammaIDRecipesRun2}",
      url           = "https://twiki.cern.ch/twiki/bin/view/CMS/EgammaIDRecipesRun2",
}

@article{JMETPOG_filt,
      collaboration = "CMS",
      title         = "{MET POG - Recommended MET Filters for Run II - https://twiki.cern.ch/twiki/bin/view/CMS/MissingETOptionalFiltersRun2?rev=79}",
      url           = "https://twiki.cern.ch/twiki/bin/view/CMS/MissingETOptionalFiltersRun2?rev=79",
}

@article{EGammaPOG_pho,
      collaboration = "CMS",
      title         = "{EGamma POG - Cut based photon ID for Run2 - https://twiki.cern.ch/twiki/bin/view/CMS/CutBasedPhotonIdentificationRun2}",
      url           = "https://twiki.cern.ch/twiki/bin/view/CMS/CutBasedPhotonIdentificationRun2",
}

@article{EGammaPOG_heep,
      collaboration = "CMS",
      title         = "{ HEEP Electron ID and isolation - https://twiki.cern.ch/twiki/bin/viewauth/CMS/HEEPElectronIdentificationRun2}",
      url           = "https://twiki.cern.ch/twiki/bin/viewauth/CMS/HEEPElectronIdentificationRun2",
}

@article{MuonPOG,
      collaboration = "CMS",
      title         = "{Muon POG - Muon ID and Isolation for Run2 - https://twiki.cern.ch/twiki/bin/view/CMS/SWGuideMuonIdRun2}",
      url           = "https://twiki.cern.ch/twiki/bin/view/CMS/SWGuideMuonIdRun2",
}

@article{MuonSF,
      collaboration = "CMS",
      title         = "{Reference muon id, isolation and trigger efficiencies for Run-II - https://twiki.cern.ch/twiki/bin/view/CMS/MuonReferenceEffsRun2}",
      url           = "https://twiki.cern.ch/twiki/bin/view/CMS/MuonReferenceEffsRun2",
}

@article{TauPOG,
      collaboration = "CMS",
      title         = "{Tau POG - Tau ID for Run2 - https://twiki.cern.ch/twiki/bin/viewauth/CMS/TauIDRecommendation13TeV}",
      url           = "https://twiki.cern.ch/twiki/bin/viewauth/CMS/TauIDRecommendation13TeV",
}

@article{JetMETPOG,
      collaboration = "CMS",
      title         = "{JetMET POG - Jet ID for Run2 - https://twiki.cern.ch/twiki/bin/view/CMS/JetID}",
      url           = "https://twiki.cern.ch/twiki/bin/view/CMS/JetID",
}

@article{bib:jetsmear,
      collaboration = "CMS",
      title = {JetMET POG - Jet Energy Resolution Smearing - https://twiki.cern.ch/twiki/bin/view/CMS/JetResolution},
      url = {https://twiki.cern.ch/twiki/bin/view/CMS/JetResolution}
}

@article{bib:JetWtagging,
      collaboration = "CMS",
      title = {JetMET POG - W/Z-tagging of Jets - https://twiki.cern.ch/twiki/bin/view/CMS/JetWtagging},
      url = {https://twiki.cern.ch/twiki/bin/view/CMS/JetWtagging}
}

@article{bib:METUnc,
      collaboration = "CMS",
      title         = "{JetMET POG - Missing ET Run2 Corrections: MET Uncertainties - https://twiki.cern.ch/twiki/bin/viewauth/CMS/MissingETRun2Corrections#MET_Uncertainties}",
      url           = "https://twiki.cern.ch/twiki/bin/viewauth/CMS/MissingETRun2Corrections#MET_Uncertainties",
}

@article{BTVPOG,
      collaboration = "CMS",
      title         = "{BTV POG - B-tagging for Run2 - https://twiki.cern.ch/twiki/bin/view/CMS/BtagRecommendation80X}",
      url           = "https://twiki.cern.ch/twiki/bin/view/CMS/BtagRecommendation80X",
}

@article{bib:btagiterativefits,
      collaboration = "CMS",
      title         = "{BTV POG - B-tagging for Run2 - Treatment for systematics https://twiki.cern.ch/twiki/bin/viewauth/CMS/BtagRecommendation80XReReco#Treatment_of_systematics_for_the}",
      url           = "https://twiki.cern.ch/twiki/bin/viewauth/CMS/BtagRecommendation80XReReco#Treatment_of_systematics_for_the",
}

@article{bib:pureweight,
      collaboration = "CMS",
      title         = "{Pileup Reweighting Procedure - https://twiki.cern.ch/twiki/bin/viewauth/CMS/PileupReweighting}",
      url           = "https://twiki.cern.ch/twiki/bin/viewauth/CMS/PileupReweighting",
}

@article{bib:pureweight2,
      collaboration = "CMS",
      title         = "{Utilities for Accessing Pileup Information for Data - https://twiki.cern.ch/twiki/bin/view/CMS/PileupJSONFileforData}",
      url           = "https://twiki.cern.ch/twiki/bin/view/CMS/PileupJSONFileforData",
}

@Unpublished{bib:CMS-PAPER-MUO-10-004,
  author    = "{CMS Collaboration}",
  collaboration = "CMS",
  title     = "Performance of CMS muon reconstruction in pp collision events at $\sqrt{s} = 7$\TeV",
  note  = "Submitted to \textit{J. Inst.}",
  eprint    = "1206.4071",
  archivePrefix = "arXiv",
  primaryClass  =  "physics.ins-det",
  year = "2012",
}

@article{bib:kalman,
  title = "Application of Kalman filtering to track and vertex fitting ",
  journal = "Nuclear Instruments and Methods in Physics Research Section A: Accelerators, Spectrometers, Detectors and Associated Equipment ",
  volume = "262",
  number = "2‚Äì3",
  pages = "444 - 450",
  year = "1987",
  note = "",
  issn = "0168-9002",
  doi = "http://dx.doi.org/10.1016/0168-9002(87)90887-4",
  url = "http://www.sciencedirect.com/science/article/pii/0168900287908874",
  author = "R. Fruhwirth"
}

@article{bib:PF1,
  AUTHOR      = "{CMS Collaboration}",
  COLLABORATION = "CMS",
  TITLE       = "Particle-Flow Event Reconstruction in {CMS} and Performance for Jets, Taus, and {\MET}",
  URL         = "http://cdsweb.cern.ch/record/1194487",
  TYPE        = "CMS Physics Analysis Summary",
  NUMBER      = "CMS-PAS-PFT-09-001",
  YEAR        = "2009"
}

@article{bib:PF2,
  AUTHOR      = "{CMS Collaboration}",
  COLLABORATION = "CMS",
  TITLE       = "Commissioning of the Particle-flow Event Reconstruction with the first {LHC} collisions recorded in the {CMS} detector",
  URL         = "http://cdsweb.cern.ch/record/1247373",
  TYPE        = "CMS Physics Analysis Summary",
  NUMBER      = "CMS-PAS-PFT-10-001",
  YEAR        = "2010"
}

@techreport{CMS-PAS-JME-14-001,
      title         = "{Pileup Removal Algorithms}",
      institution   = "CERN",
      collaboration = "CMS",
      address       = "Geneva",
      number        = "CMS-PAS-JME-14-001",
      year          = "2014",
      reportNumber  = "CMS-PAS-JME-14-001",
      url           = "https://cds.cern.ch/record/1751454",
}

@article{bib:btag,
      author         = "Chatrchyan, Serguei and others",
      title          = "{Identification of b-quark jets with the CMS experiment}",
      collaboration  = "CMS",
      journal        = "JINST",
      volume         = "8",
      year           = "2013",
      pages          = "P04013",
      doi            = "10.1088/1748-0221/8/04/P04013",
      eprint         = "1211.4462",
      archivePrefix  = "arXiv",
      primaryClass   = "hep-ex",
      reportNumber   = "CMS-BTV-12-001, CERN-PH-EP-2012-262",
      SLACcitation   = "%%CITATION = ARXIV:1211.4462;%%"
}

@MISC{bib:btagsf,
  title = {Methods to apply b-tagging efficiency scale factors},
  year = {2013},
  url = {https://twiki.cern.ch/twiki/bin/view/CMS/BTagSFMethods}
}

@article{bib:HERWIG,
  author="{M. Bahr, S. Gieseke, M. A. Gigg, D. Grellscheid, K. Hamilton, O. Latunde-Dada, S. Platzer, P. Richardson, M. H. Seymour, A. Sherstnev, J. Tully, B. R. Webber}",
  title="Herwig++ Physics and Manual",
  journal={Eur.Phys.J.},
  volume={C58},
  pages={639-707},
  year={2008},
  eprint         = "0803.0883",
  archivePrefix  = "arXiv",
  primaryClass   = "hep-ph"
  doi    = "10.1140/epjc/s10052-008-0798-9",
}

@TECHREPORT{bib:SMVH,
  AUTHOR       = "{CMS Collaboration}",
  INSTITUTION  = "CERN",
  TITLE        = "Search for the Standard Model Higgs Boson Produced in Association with W and Z and Decaying to Bottom Quarks (LHCP 2013)",
  TYPE         = "CMS Analysis Note",
  NUMBER       = "2013/069",
  YEAR         = "2013"
}

@TECHREPORT{bib:AZh,
  AUTHOR       = "{CMS Collaboration}",
  INSTITUTION  = "CERN",
  TITLE        = "Search for new physics in the A to Zh to llbb channel",
  TYPE         = "CMS Analysis Note",
  NUMBER       = "2013/302",
  YEAR         = "2013"
}

@article{Barger:1980ix,
      author         = "Barger, Vernon D. and Keung, Wai-Yee and Ma, Ernest",
      title          = "{A Gauge Model With Light $W$ and $Z$ Bosons}",
      journal        = "Phys. Rev.",
      volume         = "D22",
      year           = "1980",
      pages          = "727",
      doi            = "10.1103/PhysRevD.22.727",
      reportNumber   = "COO-881-133, UH-511-381-80",
      SLACcitation   = "%%CITATION = PHRVA,D22,727;%%"
}

@article{Foadi:2007ue,
      author         = "Foadi, Roshan and Frandsen, Mads T. and Ryttov, Thomas A.
                        and Sannino, Francesco",
      title          = "{Minimal Walking Technicolor: Set Up for Collider
                        Physics}",
      journal        = "Phys. Rev.",
      volume         = "D76",
      year           = "2007",
      pages          = "055005",
      doi            = "10.1103/PhysRevD.76.055005",
      eprint         = "0706.1696",
      archivePrefix  = "arXiv",
      primaryClass   = "hep-ph",
      SLACcitation   = "%%CITATION = ARXIV:0706.1696;%%"
}

@article{Sannino:2004qp,
      author         = "Sannino, Francesco and Tuominen, Kimmo",
      title          = "{Orientifold theory dynamics and symmetry breaking}",
      journal        = "Phys. Rev.",
      volume         = "D71",
      year           = "2005",
      pages          = "051901",
      doi            = "10.1103/PhysRevD.71.051901",
      eprint         = "hep-ph/0405209",
      archivePrefix  = "arXiv",
      primaryClass   = "hep-ph",
      SLACcitation   = "%%CITATION = HEP-PH/0405209;%%"
}

@article{Belyaev:2008yj,
      author         = "Belyaev, Alexander and Foadi, Roshan and Frandsen, Mads
                        T. and Jarvinen, Matti and Sannino, Fracesco and Pukhov,
                        Alexander",
      title          = "{Technicolor Walks at the LHC}",
      journal        = "Phys. Rev.",
      volume         = "D79",
      year           = "2009",
      pages          = "035006",
      doi            = "10.1103/PhysRevD.79.035006",
      eprint         = "0809.0793",
      archivePrefix  = "arXiv",
      primaryClass   = "hep-ph",
      SLACcitation   = "%%CITATION = ARXIV:0809.0793;%%"
}

@article{Khachatryan:2015lba,
      author         = "Khachatryan, Vardan and others",
      title          = "{Search for a pseudoscalar boson decaying into a Z boson
                        and the 125 GeV Higgs boson in $\ell^+\ell^- b\overline{b}$
                        final states}",
      collaboration  = "CMS",
      journal        = "Phys. Lett.",
      volume         = "B748",
      year           = "2015",
      pages          = "221-243",
      doi            = "10.1016/j.physletb.2015.07.010",
      eprint         = "1504.04710",
      archivePrefix  = "arXiv",
      primaryClass   = "hep-ex",
      reportNumber   = "CMS-HIG-14-011, CERN-PH-EP-2015-088",
      SLACcitation   = "%%CITATION = ARXIV:1504.04710;%%"
}

@article{Khachatryan:2015bma,
      author         = "Khachatryan, Vardan and others",
      title          = "{Search for a massive resonance decaying into a Higgs
                        boson and a W or Z boson in hadronic final states in
                        proton-proton collisions at $ \sqrt{s}=8 $ TeV}",
      collaboration  = "CMS",
      journal        = "JHEP",
      volume         = "02",
      year           = "2016",
      pages          = "145",
      doi            = "10.1007/JHEP02(2016)145",
      eprint         = "1506.01443",
      archivePrefix  = "arXiv",
      primaryClass   = "hep-ex",
      reportNumber   = "CMS-EXO-14-009, CERN-PH-EP-2015-096",
      SLACcitation   = "%%CITATION = ARXIV:1506.01443;%%"
}


@article{Khachatryan:2016yji,
      author         = "Khachatryan, Vardan and others",
      title          = "{Search for massive WH resonances decaying into the $\ell
                        \nu \mathrm{b} \overline{\mathrm{b}} $ final state at
                        $\sqrt{s}=8$ $~\text {TeV}$}",
      collaboration  = "CMS",
      journal        = "Eur. Phys. J.",
      volume         = "C76",
      year           = "2016",
      number         = "5",
      pages          = "237",
      doi            = "10.1140/epjc/s10052-016-4067-z",
      eprint         = "1601.06431",
      archivePrefix  = "arXiv",
      primaryClass   = "hep-ex",
      reportNumber   = "CMS-EXO-14-010, CERN-PH-2015-332, CERN-PH-EP-2015-332",
      SLACcitation   = "%%CITATION = ARXIV:1601.06431;%%"
}

@article{Khachatryan:2015bma,
      author         = "Khachatryan, Vardan and others",
      title          = "{Search for a massive resonance decaying into a Higgs
                        boson and a W or Z boson in hadronic final states in
                        proton-proton collisions at $ \sqrt{s}=8 $ TeV}",
      collaboration  = "CMS",
      journal        = "JHEP",
      volume         = "02",
      year           = "2016",
      pages          = "145",
      doi            = "10.1007/JHEP02(2016)145",
      eprint         = "1506.01443",
      archivePrefix  = "arXiv",
      primaryClass   = "hep-ex",
      reportNumber   = "CMS-EXO-14-009, CERN-PH-EP-2015-096",
      SLACcitation   = "%%CITATION = ARXIV:1506.01443;%%"
}

@article{Khachatryan:2015ywa,
      author         = "Khachatryan, Vardan and others",
      title          = "{Search for Narrow High-Mass Resonances in
                        Proton-Proton Collisions at $\sqrt{s}$ = 8 TeV Decaying
                        to a Z and a Higgs Boson}",
      collaboration  = "CMS",
      journal        = "Phys. Lett.",
      volume         = "B748",
      year           = "2015",
      pages          = "255-277",
      doi            = "10.1016/j.physletb.2015.07.011",
      eprint         = "1502.04994",
      archivePrefix  = "arXiv",
      primaryClass   = "hep-ex",
      reportNumber   = "CMS-EXO-13-007, CERN-PH-EP-2015-010",
      SLACcitation   = "%%CITATION = ARXIV:1502.04994;%%"
}
@article{CMS:2015nmz,
      author         = "CMS Collaboration",
      title          = "{Search for massive resonances decaying into pairs of
                        boosted W and Z bosons at $\sqrt{s}$ = 13 TeV}",
      collaboration  = "CMS",
      year           = "2015",
      reportNumber   = "CMS-PAS-EXO-15-002",
      SLACcitation   = "%%CITATION = CMS-PAS-EXO-15-002;%%"
}

@MISC{bib:combine,
  title = {CMS Higgs Combine Tool},
  year = {2013},
  url = {https://twiki.cern.ch/twiki/bin/view/CMS/SWGuideHiggsAnalysisCombinedLimit}
}

@TECHREPORT{bib:statpaper,
  AUTHOR      = "{CMS Collaboration}",
  COLLABORATION = "CMS",
  INSTITUTION  = "CERN",
  TITLE       = "Search for standard model Higgs boson in pp collisions at $\sqrt{s}=7 \TeV$",
  TYPE        = "Physics Analysis Summary",
  URL         = "{http://cds.cern.ch/record/1370076}",
  NUMBER      = "CMS-PAS-HIG-11-011",
  YEAR        = "2011"
}



@article{bib:CLS1,
  author = "Read,
  A. L.",
  title = "Presentation of search results: the CLs technique ",
  journal = "J. Phys.",
  volume = "G28",
  year = "2002",
  pages = "2693",
  doi = "10.1088/0954-3899/28/10/313"
} 
@article{bib:CLS2,
  author = "Junk, T.",
  title = "Confidence level computation for combining searches with small statistics",
  journal = "Nucl. Instrum. Meth.",
  volume = "A434",
  year = "1999",
  pages = "435",
  eprint = "9902006",
  archivePrefix = "arXiv",
  primaryClass = "hep-ex"
}
@article{bib:Asymptotic,
  year={2011},
  issn={1434-6044},
  journal={The European Physical Journal C},
  eid={1554},
  volume={71},
  number={2},
  doi={10.1140/epjc/s10052-011-1554-0},
  title={Asymptotic formulae for likelihood-based tests of new physics},
  url={http://dx.doi.org/10.1140/epjc/s10052-011-1554-0},
  publisher={Springer-Verlag},
  author={Cowan, Glen and Cranmer, Kyle and Gross, Eilam and Vitells, Ofer},
  language={English}
}
@article{bib:Wilks,
  ajournal = "Ann. Math. Statist.",
  author = "Wilks, S. S.",
  doi = "10.1214/aoms/1177732360",
  journal = "The Annals of Mathematical Statistics",
  month = "03",
  number = "1",
  pages = "60--62",
  publisher = "The Institute of Mathematical Statistics",
  title = "The Large-Sample Distribution of the Likelihood Ratio for Testing Composite Hypotheses",
  url = "http://dx.doi.org/10.1214/aoms/1177732360",
  volume = "9",
  year = "1938"
}
@techreport{bib:LHC-HCG-Report,
  title         = "{Procedure for the LHC Higgs boson search combination in Summer 2011}",
  institution   = "CERN",
  collaboration = "The ATLAS Collaboration, The CMS Collaboration, The LHC Higgs Combination Group",
  address       = "Geneva",
  number        = "CMS-NOTE-2011-005. ATL-PHYS-PUB-2011-11",
  month         = "Aug",
  year          = "2011",
}

@Article{Dasgupta2013,
	author="Dasgupta, Mrinal and Fregoso, Alessandro and Marzani, Simone and Salam, Gavin P.",
	title="Towards an understanding of jet substructure",
	journal="Journal of High Energy Physics",
	year="2013",
	volume="2013",
	number="9",
	pages="29",
	issn="1029-8479",
	doi="10.1007/JHEP09(2013)029",
	url="http://dx.doi.org/10.1007/JHEP09(2013)029"
}

@article{Larkoski:2014wba,
      author         = "Larkoski, Andrew J. and Marzani, Simone and Soyez,
                        Gregory and Thaler, Jesse",
      title          = "{Soft Drop}",
      journal        = "JHEP",
      volume         = "05",
      year           = "2014",
      pages          = "146",
      doi            = "10.1007/JHEP05(2014)146",
      eprint         = "1402.2657",
      archivePrefix  = "arXiv",
      primaryClass   = "hep-ph",
      reportNumber   = "MIT-CTP-4531, DCPT-14-24, IPPP-14-12",
      SLACcitation   = "%%CITATION = ARXIV:1402.2657;%%"
}

@Article{Khachatryan2014,
        author="Khachatryan, Vardan and others",
	title="Identification techniques for highly boosted W bosons that decay into hadrons",
	journal="Journal of High Energy Physics",
	year="2014",
	volume="2014",
	number="12",
	pages="17",
	issn="1029-8479",
	doi="10.1007/JHEP12(2014)017",
	url="http://dx.doi.org/10.1007/JHEP12(2014)017"
}

@Article{Bertolini2014,
	author="Bertolini, Daniele and Harris, Philip and Low, Matthew and Tran, Nhan",
	title="Pileup per particle identification",
	journal="Journal of High Energy Physics",
	year="2014",
	volume="2014",
	number="10",
	pages="59",
	issn="1029-8479",
	doi="10.1007/JHEP10(2014)059",
	url="http://dx.doi.org/10.1007/JHEP10(2014)059"
}

@Article{Thaler2011,
	author="Thaler, Jesse and Van Tilburg, Ken",
	title="Identifying boosted objects with N-subjettiness",
	journal="Journal of High Energy Physics",
	year="2011",
	volume="2011",
	number="3",
	pages="15",
	issn="1029-8479",
	doi="10.1007/JHEP03(2011)015",
	url="http://dx.doi.org/10.1007/JHEP03(2011)015"
}

@article{cms:JHEP032011136,
      year="2011",
      journal="JHEP",
      pages="136",
      volume="03",
      doi="10.1007/JHEP03(2011)136",
      title="{Measurement of B$\overline {\text{B}}$ angular correlations based on secondary vertex reconstruction at  $\sqrt{s} = 7\,{\text{TeV}}$}",
      author="CMS Collaboration",
      collaboration="CMS"
}

@TECHREPORT{AN-11-388,
  author = "{S.~Bolognesi et al.}",
  title =  "{Search for a SM Higgs or BSM Boson $H\rightarrow ZZ^{(*)} \rightarrow q\bar{q}\ell^-\ell^+$}",
  institution = "AN-2011/388",
  year = "2011",
  url="{http://cms.cern.ch/iCMS/jsp/db_notes/noteInfo.jsp?cmsnoteid=CMS%AN-2011/388}"
}
@TECHREPORT{AN-16-215,
  author = "{T. K. Aarrestad et al.}",
  title =  "{Identification and calibration of boosted hadronic W/Z bosons at 13 TeV}",
  institution = "AN-2016/215",
  year = "2016",
  url="{http://cms.cern.ch/iCMS/jsp/db_notes/noteInfo.jsp?cmsnoteid=CMS%20AN-2016/215}"
}

@TECHREPORT{AN-11-399,
  author = "{L.~Borrello et al.}",
  title =  "{Search for the standard model Higgs boson in the decay channel $H\rightarrow ZZ\rightarrow 2\ell 2b$}",
  institution = "AN-2011/399",
  year = "2011",
  url="{http://cms.cern.ch/iCMS/jsp/db_notes/noteInfo.jsp?cmsnoteid=CMS%AN-2011/399}"

}

@TECHREPORT{AN-15-196,
  author = "{EXO diboson team}",
  title =  "{Common note on searches for new diboson resonances in semileptonic and hadronic final states at $\sqrt{s}$ = 13~TeV}",
  institution = "AN-2015/196",
  year = "2015",
  url="{http://cms.cern.ch/iCMS/jsp/db_notes/noteInfo.jsp?cmsnoteid=CMS%AN-2015/196}"
}

@TECHREPORT{AN-15-200,
  author = "{EXO diboson team}",
  title =  "{Search for new VZ resonances in semileptonic final states at $\sqrt{s}$ = 13~TeV}",
  institution = "AN-2015/200",
  year = "2015",
  url="{http://cms.cern.ch/iCMS/jsp/db_notes/noteInfo.jsp?cmsnoteid=CMS%AN-2015/200}"
}

@TECHREPORT{TS-2010-007,
  author = "{Julia Bauer}",
  title =  "{Prospects for the Observation of Electroweak Top-Quark Production with the CMS Experiment}",
  institution = "TS-2010/007",
  year = "2010",
  url="{https://inspirehep.net/record/894158/files/TS2010_007.pdf}"
}



@misc{TopTaggingTalk, 
  author         = "Marchesini, Ivan and Schmidt, Alexander and Schumann, Svenja",
  title          = "Top tagging SF",
  url            = "https://indico.cern.ch/event/493275/session/1/contribution/42/attachments/1222561/1788018/TopTaggingSFv2.pdf",
  year           = "2016"
}

@article{Agashe:2007zd,
      author         = "Agashe, Kaustubh and Davoudiasl, Hooman and Perez, Gilad
                        and Soni, Amarjit",
      title          = "{Warped Gravitons at the LHC and Beyond}",
      journal        = "Phys. Rev.",
      volume         = "D76",
      year           = "2007",
      pages          = "036006",
      doi            = "10.1103/PhysRevD.76.036006",
      eprint         = "hep-ph/0701186",
      archivePrefix  = "arXiv",
      primaryClass   = "hep-ph",
      reportNumber   = "SU-4252-843, BNL-HET-07-3, YITP-SB-07-02",
      SLACcitation   = "%%CITATION = HEP-PH/0701186;%%"
}

@article{Fitzpatrick:2007qr,
      author         = "Fitzpatrick, A. Liam and Kaplan, Jared and Randall, Lisa
                        and Wang, Lian-Tao",
      title          = "{Searching for the Kaluza-Klein Graviton in Bulk RS
                        Models}",
      journal        = "JHEP",
      volume         = "09",
      year           = "2007",
      pages          = "013",
      doi            = "10.1088/1126-6708/2007/09/013",
      eprint         = "hep-ph/0701150",
      archivePrefix  = "arXiv",
      primaryClass   = "hep-ph",
      SLACcitation   = "%%CITATION = HEP-PH/0701150;%%"
}

@article{Antipin:2007pi,
      author         = "Antipin, Oleg and Atwood, David and Soni, Amarjit",
      title          = "{Search for RS gravitons via W(L)W(L) decays}",
      journal        = "Phys. Lett.",
      volume         = "B666",
      year           = "2008",
      pages          = "155-161",
      doi            = "10.1016/j.physletb.2008.07.009",
      eprint         = "0711.3175",
      archivePrefix  = "arXiv",
      primaryClass   = "hep-ph",
      reportNumber   = "BNL-HET-07-20",
      SLACcitation   = "%%CITATION = ARXIV:0711.3175;%%"
}

@article{Barger:1980ix,
      author         = "Barger, Vernon D. and Keung, Wai-Yee and Ma, Ernest",
      title          = "{A Gauge Model With Light $W$ and $Z$ Bosons}",
      journal        = "Phys. Rev.",
      volume         = "D22",
      year           = "1980",
      pages          = "727",
      doi            = "10.1103/PhysRevD.22.727",
      reportNumber   = "COO-881-133, UH-511-381-80",
      SLACcitation   = "%%CITATION = PHRVA,D22,727;%%"
}

@article{Salvioni:2009mt,
      author         = "Salvioni, Ennio and Villadoro, Giovanni and Zwirner,
                        Fabio",
      title          = "{Minimal Z-prime models: Present bounds and early LHC
                        reach}",
      journal        = "JHEP",
      volume         = "11",
      year           = "2009",
      pages          = "068",
      doi            = "10.1088/1126-6708/2009/11/068",
      eprint         = "0909.1320",
      archivePrefix  = "arXiv",
      primaryClass   = "hep-ph",
      reportNumber   = "CERN-PH-TH-2009-160, DFPD-09-TH-17",
      SLACcitation   = "%%CITATION = ARXIV:0909.1320;%%"
}

@article{Grojean:2011vu,
      author         = "Grojean, Christophe and Salvioni, Ennio and Torre,
                        Riccardo",
      title          = "{A weakly constrained W' at the early LHC}",
      journal        = "JHEP",
      volume         = "07",
      year           = "2011",
      pages          = "002",
      doi            = "10.1007/JHEP07(2011)002",
      eprint         = "1103.2761",
      archivePrefix  = "arXiv",
      primaryClass   = "hep-ph",
      reportNumber   = "CERN-PH-TH-2011-041, DFPD-2011-TH-3, IFUP-TH-2011-05,
                        LPN11-10, ZU-TH-04-11",
      SLACcitation   = "%%CITATION = ARXIV:1103.2761;%%"
}

@article{Giudice:2007fh,
      author         = "Giudice, G. F. and Grojean, C. and Pomarol, A. and
                        Rattazzi, R.",
      title          = "{The Strongly-Interacting Light Higgs}",
      journal        = "JHEP",
      volume         = "06",
      year           = "2007",
      pages          = "045",
      doi            = "10.1088/1126-6708/2007/06/045",
      eprint         = "hep-ph/0703164",
      archivePrefix  = "arXiv",
      primaryClass   = "hep-ph",
      reportNumber   = "CERN-PH-TH-2007-47",
      SLACcitation   = "%%CITATION = HEP-PH/0703164;%%"
}

@article{Wulzer:2013mza,
      author         = "Wulzer, Andrea",
      title          = "{An Equivalent Gauge and the Equivalence Theorem}",
      journal        = "Nucl. Phys.",
      volume         = "B885",
      year           = "2014",
      pages          = "97-126",
      doi            = "10.1016/j.nuclphysb.2014.05.021",
      eprint         = "1309.6055",
      archivePrefix  = "arXiv",
      primaryClass   = "hep-ph",
      SLACcitation   = "%%CITATION = ARXIV:1309.6055;%%"
}

@article{Randall:1999ee,
      author         = "Randall, Lisa and Sundrum, Raman",
      title          = "{A Large mass hierarchy from a small extra dimension}",
      journal        = "Phys. Rev. Lett.",
      volume         = "83",
      year           = "1999",
      pages          = "3370-3373",
      doi            = "10.1103/PhysRevLett.83.3370",
      eprint         = "hep-ph/9905221",
      archivePrefix  = "arXiv",
      primaryClass   = "hep-ph",
      reportNumber   = "MIT-CTP-2860, PUPT-1860, BUHEP-99-9",
      SLACcitation   = "%%CITATION = HEP-PH/9905221;%%"
}

@article{Randall:1999vf,
      author         = "Randall, Lisa and Sundrum, Raman",
      title          = "{An Alternative to compactification}",
      journal        = "Phys. Rev. Lett.",
      volume         = "83",
      year           = "1999",
      pages          = "4690-4693",
      doi            = "10.1103/PhysRevLett.83.4690",
      eprint         = "hep-th/9906064",
      archivePrefix  = "arXiv",
      primaryClass   = "hep-th",
      reportNumber   = "MIT-CTP-2874, PUPT-1867, BUHEP-99-13",
      SLACcitation   = "%%CITATION = HEP-TH/9906064;%%"
}

@article{Davoudiasl:1999jd,
      author         = "Davoudiasl, H. and Hewett, J. L. and Rizzo, T. G.",
      title          = "{Phenomenology of the Randall-Sundrum Gauge Hierarchy
                        Model}",
      journal        = "Phys. Rev. Lett.",
      volume         = "84",
      year           = "2000",
      pages          = "2080",
      doi            = "10.1103/PhysRevLett.84.2080",
      eprint         = "hep-ph/9909255",
      archivePrefix  = "arXiv",
      primaryClass   = "hep-ph",
      reportNumber   = "SLAC-PUB-8241",
      SLACcitation   = "%%CITATION = HEP-PH/9909255;%%"
}

@article{Gherghetta:2000qt,
      author         = "Gherghetta, Tony and Pomarol, Alex",
      title          = "{Bulk fields and supersymmetry in a slice of AdS}",
      journal        = "Nucl. Phys.",
      volume         = "B586",
      year           = "2000",
      pages          = "141-162",
      doi            = "10.1016/S0550-3213(00)00392-8",
      eprint         = "hep-ph/0003129",
      archivePrefix  = "arXiv",
      primaryClass   = "hep-ph",
      reportNumber   = "CERN-TH-2000-081, UNIL-IPT-00-06",
      SLACcitation   = "%%CITATION = HEP-PH/0003129;%%"
}

@article{Davoudiasl:2000wi,
      author         = "Davoudiasl, H. and Hewett, J. L. and Rizzo, T. G.",
      title          = "{Experimental probes of localized gravity: On and off the
                        wall}",
      journal        = "Phys. Rev.",
      volume         = "D63",
      year           = "2001",
      pages          = "075004",
      doi            = "10.1103/PhysRevD.63.075004",
      eprint         = "hep-ph/0006041",
      archivePrefix  = "arXiv",
      primaryClass   = "hep-ph",
      reportNumber   = "SLAC-PUB-8436",
      SLACcitation   = "%%CITATION = HEP-PH/0006041;%%"
}

@article{Oliveira:2014kla,
      author         = "Oliveira, Alexandra",
      title          = "{Gravity particles from Warped Extra Dimensions,
                        predictions for LHC}",
      year           = "2014",
      eprint         = "1404.0102",
      archivePrefix  = "arXiv",
      primaryClass   = "hep-ph",
      SLACcitation   = "%%CITATION = ARXIV:1404.0102;%%"
}
